<?xml version="1.0" encoding="UTF-8"?><collection xmlns="http://www.loc.gov/MARC21/slim"><record><leader>00505nam--2200193-i-4500</leader><controlfield tag="001">000044542</controlfield><controlfield tag="002">20161230</controlfield><controlfield tag="005">20170103180252</controlfield><controlfield tag="008">060222s1000------------r-----000-0-rum-d</controlfield><datafield ind1=" " ind2=" " tag="040"><subfield code="a">IFIN-HH</subfield></datafield><datafield ind1=" " ind2=" " tag="041"><subfield code="a">rum</subfield></datafield><datafield ind1=" " ind2=" " tag="080"><subfield code="a">536.7</subfield></datafield><datafield ind1="1" ind2=" " tag="100"><subfield code="a">G©Łbos, Zolt©Łn</subfield></datafield><datafield ind1="1" ind2="0" tag="245"><subfield code="a">Termodinamica si fizica statistica</subfield><subfield code="c">Zoltan Gabos; O. Gherman</subfield></datafield><datafield ind1=" " ind2=" " tag="260"><subfield code="a">Bucuresti</subfield><subfield code="b">Editura Didactica Si Pedagogica</subfield><subfield code="c">1967</subfield></datafield><datafield ind1=" " ind2=" " tag="300"><subfield code="a">290 p</subfield></datafield><datafield ind1="1" ind2=" " tag="700"><subfield code="a">Gherman, O</subfield></datafield><datafield ind1=" " ind2=" " tag="852"><subfield code="a">27905</subfield><subfield code="c">536.7</subfield></datafield><datafield ind1=" " ind2=" " tag="CAT"><subfield code="a">SYS</subfield><subfield code="c">20170103</subfield><subfield code="h">180252</subfield></datafield></record></collection>